%YAML 1.1
%TAG !u! tag:unity3d.com,2011:
--- !u!1 &4585097022743899129
GameObject:
  m_ObjectHideFlags: 0
  m_CorrespondingSourceObject: {fileID: 0}
  m_PrefabInstance: {fileID: 0}
  m_PrefabAsset: {fileID: 0}
  serializedVersion: 6
  m_Component:
  - component: {fileID: 4585097022743899134}
  m_Layer: 0
  m_Name: bone_5
  m_TagString: Untagged
  m_Icon: {fileID: 0}
  m_NavMeshLayer: 0
  m_StaticEditorFlags: 0
  m_IsActive: 1
--- !u!4 &4585097022743899134
Transform:
  m_ObjectHideFlags: 0
  m_CorrespondingSourceObject: {fileID: 0}
  m_PrefabInstance: {fileID: 0}
  m_PrefabAsset: {fileID: 0}
  m_GameObject: {fileID: 4585097022743899129}
  m_LocalRotation: {x: 0, y: 0, z: -0.086581506, w: 0.9962448}
  m_LocalPosition: {x: -0.0045523234, y: 0.06463338, z: 0}
  m_LocalScale: {x: 1, y: 1, z: 1}
  m_ConstrainProportionsScale: 0
  m_Children: []
  m_Father: {fileID: 4585097024251236499}
  m_RootOrder: 2
  m_LocalEulerAnglesHint: {x: 0, y: 0, z: 0}
--- !u!1 &4585097022966829602
GameObject:
  m_ObjectHideFlags: 0
  m_CorrespondingSourceObject: {fileID: 0}
  m_PrefabInstance: {fileID: 0}
  m_PrefabAsset: {fileID: 0}
  serializedVersion: 6
  m_Component:
  - component: {fileID: 4585097022966829603}
  m_Layer: 0
  m_Name: bone_3
  m_TagString: Untagged
  m_Icon: {fileID: 0}
  m_NavMeshLayer: 0
  m_StaticEditorFlags: 0
  m_IsActive: 1
--- !u!4 &4585097022966829603
Transform:
  m_ObjectHideFlags: 0
  m_CorrespondingSourceObject: {fileID: 0}
  m_PrefabInstance: {fileID: 0}
  m_PrefabAsset: {fileID: 0}
  m_GameObject: {fileID: 4585097022966829602}
  m_LocalRotation: {x: -0, y: -0, z: 0.31789455, w: 0.9481261}
  m_LocalPosition: {x: -0.3843867, y: 0.29309785, z: 0}
  m_LocalScale: {x: 1, y: 1, z: 1}
  m_ConstrainProportionsScale: 0
  m_Children:
  - {fileID: 4585097024352321433}
  m_Father: {fileID: 4585097024251236499}
  m_RootOrder: 0
  m_LocalEulerAnglesHint: {x: 0, y: 0, z: 32.656063}
--- !u!1 &4585097023107209687
GameObject:
  m_ObjectHideFlags: 0
  m_CorrespondingSourceObject: {fileID: 0}
  m_PrefabInstance: {fileID: 0}
  m_PrefabAsset: {fileID: 0}
  serializedVersion: 6
  m_Component:
  - component: {fileID: 4585097023107209684}
  m_Layer: 0
  m_Name: bone_12
  m_TagString: Untagged
  m_Icon: {fileID: 0}
  m_NavMeshLayer: 0
  m_StaticEditorFlags: 0
  m_IsActive: 1
--- !u!4 &4585097023107209684
Transform:
  m_ObjectHideFlags: 0
  m_CorrespondingSourceObject: {fileID: 0}
  m_PrefabInstance: {fileID: 0}
  m_PrefabAsset: {fileID: 0}
  m_GameObject: {fileID: 4585097023107209687}
  m_LocalRotation: {x: 0, y: 0, z: 0.05130905, w: 0.99868286}
  m_LocalPosition: {x: 0.7183272, y: -0.060407557, z: 0}
  m_LocalScale: {x: 1, y: 1, z: 1}
  m_ConstrainProportionsScale: 0
  m_Children: []
  m_Father: {fileID: 4585097024251236499}
  m_RootOrder: 9
  m_LocalEulerAnglesHint: {x: 0, y: 0, z: 0}
--- !u!1 &4585097023124049371
GameObject:
  m_ObjectHideFlags: 0
  m_CorrespondingSourceObject: {fileID: 0}
  m_PrefabInstance: {fileID: 0}
  m_PrefabAsset: {fileID: 0}
  serializedVersion: 6
  m_Component:
  - component: {fileID: 4585097023124049368}
  m_Layer: 0
  m_Name: bone_7
  m_TagString: Untagged
  m_Icon: {fileID: 0}
  m_NavMeshLayer: 0
  m_StaticEditorFlags: 0
  m_IsActive: 1
--- !u!4 &4585097023124049368
Transform:
  m_ObjectHideFlags: 0
  m_CorrespondingSourceObject: {fileID: 0}
  m_PrefabInstance: {fileID: 0}
  m_PrefabAsset: {fileID: 0}
  m_GameObject: {fileID: 4585097023124049371}
  m_LocalRotation: {x: 0, y: 0, z: -0.042053886, w: 0.99911535}
  m_LocalPosition: {x: -0.02813933, y: -0.3962823, z: 0}
  m_LocalScale: {x: 1, y: 1, z: 1}
  m_ConstrainProportionsScale: 0
  m_Children: []
  m_Father: {fileID: 4585097024251236499}
  m_RootOrder: 4
  m_LocalEulerAnglesHint: {x: 0, y: 0, z: 0}
--- !u!1 &4585097023300413273
GameObject:
  m_ObjectHideFlags: 0
  m_CorrespondingSourceObject: {fileID: 0}
  m_PrefabInstance: {fileID: 0}
  m_PrefabAsset: {fileID: 0}
  serializedVersion: 6
  m_Component:
  - component: {fileID: 4585097023300413278}
  m_Layer: 0
  m_Name: bone_4
  m_TagString: Untagged
  m_Icon: {fileID: 0}
  m_NavMeshLayer: 0
  m_StaticEditorFlags: 0
  m_IsActive: 1
--- !u!4 &4585097023300413278
Transform:
  m_ObjectHideFlags: 0
  m_CorrespondingSourceObject: {fileID: 0}
  m_PrefabInstance: {fileID: 0}
  m_PrefabAsset: {fileID: 0}
  m_GameObject: {fileID: 4585097023300413273}
  m_LocalRotation: {x: -0, y: -0, z: -0.86683905, w: 0.49858814}
  m_LocalPosition: {x: -0.21228391, y: -0.38099563, z: 0}
  m_LocalScale: {x: 1, y: 1, z: 1}
  m_ConstrainProportionsScale: 0
  m_Children: []
  m_Father: {fileID: 4585097024251236499}
  m_RootOrder: 1
  m_LocalEulerAnglesHint: {x: 0, y: 0, z: -100.9617}
--- !u!1 &4585097023345931915
GameObject:
  m_ObjectHideFlags: 0
  m_CorrespondingSourceObject: {fileID: 0}
  m_PrefabInstance: {fileID: 0}
  m_PrefabAsset: {fileID: 0}
  serializedVersion: 6
  m_Component:
  - component: {fileID: 4585097023345931912}
  m_Layer: 0
  m_Name: bone_1
  m_TagString: Untagged
  m_Icon: {fileID: 0}
  m_NavMeshLayer: 0
  m_StaticEditorFlags: 0
  m_IsActive: 1
--- !u!4 &4585097023345931912
Transform:
  m_ObjectHideFlags: 0
  m_CorrespondingSourceObject: {fileID: 0}
  m_PrefabInstance: {fileID: 0}
  m_PrefabAsset: {fileID: 0}
  m_GameObject: {fileID: 4585097023345931915}
  m_LocalRotation: {x: 0, y: 0, z: 0.70412964, w: 0.71007144}
  m_LocalPosition: {x: -0.29745674, y: 0.08709031, z: 0}
  m_LocalScale: {x: 1, y: 1, z: 1}
  m_ConstrainProportionsScale: 0
  m_Children:
  - {fileID: 4585097024251236499}
  m_Father: {fileID: 4585097023399666158}
  m_RootOrder: 0
  m_LocalEulerAnglesHint: {x: 0, y: 0, z: 0}
--- !u!1 &4585097023399666154
GameObject:
  m_ObjectHideFlags: 0
  m_CorrespondingSourceObject: {fileID: 0}
  m_PrefabInstance: {fileID: 0}
  m_PrefabAsset: {fileID: 0}
  serializedVersion: 6
  m_Component:
  - component: {fileID: 4585097023399666158}
  - component: {fileID: 4585097023399666153}
  - component: {fileID: 4585097023399666152}
  - component: {fileID: 4585097023399666155}
  - component: {fileID: 4585097023399666146}
  - component: {fileID: 4585097023399666157}
  - component: {fileID: 4585097023399666156}
  - component: {fileID: 4585097023399666159}
  - component: {fileID: -596485526273512246}
  m_Layer: 0
  m_Name: Cube
  m_TagString: Player
  m_Icon: {fileID: 0}
  m_NavMeshLayer: 0
  m_StaticEditorFlags: 0
  m_IsActive: 1
--- !u!4 &4585097023399666158
Transform:
  m_ObjectHideFlags: 0
  m_CorrespondingSourceObject: {fileID: 0}
  m_PrefabInstance: {fileID: 0}
  m_PrefabAsset: {fileID: 0}
  m_GameObject: {fileID: 4585097023399666154}
  m_LocalRotation: {x: 0, y: 0, z: 0, w: 1}
  m_LocalPosition: {x: -7.21, y: 3.81, z: 0}
  m_LocalScale: {x: 1, y: 1, z: 1}
  m_ConstrainProportionsScale: 0
  m_Children:
  - {fileID: 4585097023345931912}
  m_Father: {fileID: 0}
  m_RootOrder: 0
  m_LocalEulerAnglesHint: {x: 0, y: 0, z: 0}
--- !u!212 &4585097023399666153
SpriteRenderer:
  m_ObjectHideFlags: 0
  m_CorrespondingSourceObject: {fileID: 0}
  m_PrefabInstance: {fileID: 0}
  m_PrefabAsset: {fileID: 0}
  m_GameObject: {fileID: 4585097023399666154}
  m_Enabled: 1
  m_CastShadows: 0
  m_ReceiveShadows: 0
  m_DynamicOccludee: 1
  m_StaticShadowCaster: 0
  m_MotionVectors: 1
  m_LightProbeUsage: 1
  m_ReflectionProbeUsage: 1
  m_RayTracingMode: 0
  m_RayTraceProcedural: 0
  m_RenderingLayerMask: 1
  m_RendererPriority: 0
  m_Materials:
  - {fileID: 2100000, guid: a97c105638bdf8b4a8650670310a4cd3, type: 2}
  m_StaticBatchInfo:
    firstSubMesh: 0
    subMeshCount: 0
  m_StaticBatchRoot: {fileID: 0}
  m_ProbeAnchor: {fileID: 0}
  m_LightProbeVolumeOverride: {fileID: 0}
  m_ScaleInLightmap: 1
  m_ReceiveGI: 1
  m_PreserveUVs: 0
  m_IgnoreNormalsForChartDetection: 0
  m_ImportantGI: 0
  m_StitchLightmapSeams: 1
  m_SelectedEditorRenderState: 0
  m_MinimumChartSize: 4
  m_AutoUVMaxDistance: 0.5
  m_AutoUVMaxAngle: 89
  m_LightmapParameters: {fileID: 0}
  m_SortingLayerID: 0
  m_SortingLayer: 0
  m_SortingOrder: 0
  m_Sprite: {fileID: 21300000, guid: b9dfee7d74ef92047ac400db938557d0, type: 3}
  m_Color: {r: 1, g: 1, b: 1, a: 1}
  m_FlipX: 0
  m_FlipY: 0
  m_DrawMode: 0
  m_Size: {x: 4.35, y: 3.06}
  m_AdaptiveModeThreshold: 0.5
  m_SpriteTileMode: 0
  m_WasSpriteAssigned: 1
  m_MaskInteraction: 0
  m_SpriteSortPoint: 0
--- !u!114 &4585097023399666152
MonoBehaviour:
  m_ObjectHideFlags: 0
  m_CorrespondingSourceObject: {fileID: 0}
  m_PrefabInstance: {fileID: 0}
  m_PrefabAsset: {fileID: 0}
  m_GameObject: {fileID: 4585097023399666154}
  m_Enabled: 1
  m_EditorHideFlags: 0
  m_Script: {fileID: 11500000, guid: 57c008f954fe54a8bb972de1018a2cb8, type: 3}
  m_Name: 
  m_EditorClassIdentifier: 
  m_RootBone: {fileID: 4585097023345931912}
  m_BoneTransforms:
  - {fileID: 4585097023345931912}
  - {fileID: 4585097024251236499}
  - {fileID: 4585097022966829603}
  - {fileID: 4585097023300413278}
  - {fileID: 4585097022743899134}
  - {fileID: 4585097024167572200}
  - {fileID: 4585097023124049368}
  - {fileID: 4585097023919394168}
  - {fileID: 4585097024280491959}
  - {fileID: 4585097024714574831}
  - {fileID: 4585097024453480505}
  - {fileID: 4585097023107209684}
  - {fileID: 4585097024352321433}
  m_Bounds:
    m_Center: {x: -0.5336677, y: 0.7468898, z: -5}
    m_Extent: {x: 1.0255662, y: 0.807976, z: 5}
  m_UseBatching: 1
  m_AlwaysUpdate: 1
  m_AutoRebind: 0
--- !u!95 &4585097023399666155
Animator:
  serializedVersion: 4
  m_ObjectHideFlags: 0
  m_CorrespondingSourceObject: {fileID: 0}
  m_PrefabInstance: {fileID: 0}
  m_PrefabAsset: {fileID: 0}
  m_GameObject: {fileID: 4585097023399666154}
  m_Enabled: 1
  m_Avatar: {fileID: 0}
  m_Controller: {fileID: 9100000, guid: cdf0a97c490861e4fb42fcc263383182, type: 2}
  m_CullingMode: 0
  m_UpdateMode: 0
  m_ApplyRootMotion: 0
  m_LinearVelocityBlending: 0
  m_StabilizeFeet: 0
  m_WarningMessage: 
  m_HasTransformHierarchy: 1
  m_AllowConstantClipSamplingOptimization: 1
  m_KeepAnimatorControllerStateOnDisable: 0
--- !u!114 &4585097023399666146
MonoBehaviour:
  m_ObjectHideFlags: 0
  m_CorrespondingSourceObject: {fileID: 0}
  m_PrefabInstance: {fileID: 0}
  m_PrefabAsset: {fileID: 0}
  m_GameObject: {fileID: 4585097023399666154}
  m_Enabled: 1
  m_EditorHideFlags: 0
  m_Script: {fileID: 11500000, guid: 20c9efa3d7f3752438c7cad1ad44dd7a, type: 3}
  m_Name: 
  m_EditorClassIdentifier: 
  ataque: 0
  defensa: 0
  vida: 0
  isPLayerOne: 0
  Projectile: {fileID: 6127731412506230337, guid: aae5f2d5767ce1d4eba787c4c4555a55, type: 3}
  GEO: {fileID: 11400000, guid: 136c0199151b059498711371d277428e, type: 2}
  m_Ammo: []
  m_HasJumped: 0
  m_isGrounded: 0
--- !u!50 &4585097023399666157
Rigidbody2D:
  serializedVersion: 4
  m_ObjectHideFlags: 0
  m_CorrespondingSourceObject: {fileID: 0}
  m_PrefabInstance: {fileID: 0}
  m_PrefabAsset: {fileID: 0}
  m_GameObject: {fileID: 4585097023399666154}
  m_BodyType: 0
  m_Simulated: 1
  m_UseFullKinematicContacts: 0
  m_UseAutoMass: 0
  m_Mass: 8
  m_LinearDrag: 0
  m_AngularDrag: 0.05
  m_GravityScale: 1
  m_Material: {fileID: 6200000, guid: 252155181250d38419d56a793a248baa, type: 2}
  m_Interpolate: 0
  m_SleepingMode: 1
  m_CollisionDetection: 0
  m_Constraints: 4
--- !u!61 &4585097023399666156
BoxCollider2D:
  m_ObjectHideFlags: 0
  m_CorrespondingSourceObject: {fileID: 0}
  m_PrefabInstance: {fileID: 0}
  m_PrefabAsset: {fileID: 0}
  m_GameObject: {fileID: 4585097023399666154}
  m_Enabled: 1
  m_Density: 1
  m_Material: {fileID: 0}
  m_IsTrigger: 0
  m_UsedByEffector: 0
  m_UsedByComposite: 0
  m_Offset: {x: -0.33291245, y: 0.53338885}
  m_SpriteTilingProperty:
    border: {x: 0, y: 0, z: 0, w: 0}
    pivot: {x: 0.5, y: 0.5}
    oldSize: {x: 4.35, y: 3.06}
    newSize: {x: 4.35, y: 3.06}
    adaptiveTilingThreshold: 0.5
    drawMode: 0
    adaptiveTiling: 0
  m_AutoTiling: 0
  serializedVersion: 2
  m_Size: {x: 1.0887871, y: 0.81930757}
  m_EdgeRadius: 0
--- !u!70 &4585097023399666159
CapsuleCollider2D:
  m_ObjectHideFlags: 0
  m_CorrespondingSourceObject: {fileID: 0}
  m_PrefabInstance: {fileID: 0}
  m_PrefabAsset: {fileID: 0}
  m_GameObject: {fileID: 4585097023399666154}
  m_Enabled: 1
  m_Density: 1
  m_Material: {fileID: 0}
  m_IsTrigger: 1
  m_UsedByEffector: 0
  m_UsedByComposite: 0
  m_Offset: {x: -1.0260427, y: 1.13}
  m_Size: {x: 1.005303, y: 0.6566933}
  m_Direction: 1
--- !u!114 &-596485526273512246
MonoBehaviour:
  m_ObjectHideFlags: 0
  m_CorrespondingSourceObject: {fileID: 0}
  m_PrefabInstance: {fileID: 0}
  m_PrefabAsset: {fileID: 0}
  m_GameObject: {fileID: 4585097023399666154}
  m_Enabled: 1
  m_EditorHideFlags: 0
  m_Script: {fileID: 11500000, guid: 62899f850307741f2a39c98a8b639597, type: 3}
  m_Name: 
  m_EditorClassIdentifier: 
  m_Actions: {fileID: -944628639613478452, guid: 60cfc498697f3f247b275e3ccab43c1d, type: 3}
  m_NotificationBehavior: 2
  m_UIInputModule: {fileID: 0}
  m_DeviceLostEvent:
    m_PersistentCalls:
      m_Calls: []
  m_DeviceRegainedEvent:
    m_PersistentCalls:
      m_Calls: []
  m_ControlsChangedEvent:
    m_PersistentCalls:
      m_Calls: []
  m_ActionEvents:
  - m_PersistentCalls:
      m_Calls:
      - m_Target: {fileID: 4585097023399666146}
        m_TargetAssemblyTypeName: movement, Assembly-CSharp
        m_MethodName: move
        m_Mode: 0
        m_Arguments:
          m_ObjectArgument: {fileID: 0}
          m_ObjectArgumentAssemblyTypeName: UnityEngine.Object, UnityEngine
          m_IntArgument: 0
          m_FloatArgument: 0
          m_StringArgument: 
          m_BoolArgument: 0
        m_CallState: 2
    m_ActionId: bb3e3b61-e36f-463c-903d-ac2fe97f2032
    m_ActionName: Player/Move[/Keyboard/w,/Keyboard/upArrow,/Keyboard/s,/Keyboard/downArrow,/Keyboard/a,/Keyboard/leftArrow,/Keyboard/d,/Keyboard/rightArrow]
  - m_PersistentCalls:
      m_Calls: []
    m_ActionId: ab1c9b16-0e17-4aaa-bdcb-ef03b63b0dc4
    m_ActionName: Player/Look[/Mouse/delta]
  - m_PersistentCalls:
      m_Calls: []
    m_ActionId: 2aab1bed-fec2-41eb-a82b-0a838ee3f51c
    m_ActionName: Player/Jump[/Keyboard/space]
  - m_PersistentCalls:
      m_Calls: []
    m_ActionId: 877a68e9-9729-4888-b7fc-f90607ffa392
    m_ActionName: Player/Shoot[/Keyboard/k]
  - m_PersistentCalls:
      m_Calls: []
    m_ActionId: 16919afc-fe57-4cc4-bfc9-1e2dbcdc7b20
    m_ActionName: Player/Simple_Attk[/Keyboard/j]
  - m_PersistentCalls:
      m_Calls: []
    m_ActionId: 52258b89-c2c7-45a9-afe5-87d6163d596f
    m_ActionName: UI/Navigate[/Keyboard/w,/Keyboard/upArrow,/Keyboard/s,/Keyboard/downArrow,/Keyboard/a,/Keyboard/leftArrow,/Keyboard/d,/Keyboard/rightArrow]
  - m_PersistentCalls:
      m_Calls: []
    m_ActionId: e0dd0d9d-d1af-4848-9634-0c55a94e4050
    m_ActionName: UI/Submit[/Keyboard/enter]
  - m_PersistentCalls:
      m_Calls: []
    m_ActionId: dc48ab6f-f12d-4a9f-a0da-5fd722fb13c3
    m_ActionName: UI/Cancel[/Keyboard/escape]
  - m_PersistentCalls:
      m_Calls: []
    m_ActionId: e17af2c8-1681-4946-8464-bf90f369f338
    m_ActionName: UI/Point[/Mouse/position]
  - m_PersistentCalls:
      m_Calls: []
    m_ActionId: c60fa216-31ee-4350-8eb2-1f2c19ce321c
    m_ActionName: UI/Click[/Mouse/leftButton]
  - m_PersistentCalls:
      m_Calls: []
    m_ActionId: d629f152-fbe3-4c74-a307-2283407254fe
    m_ActionName: UI/ScrollWheel[/Mouse/scroll]
  - m_PersistentCalls:
      m_Calls: []
    m_ActionId: 45548c86-372f-4af3-9a85-ff481e9b29a7
    m_ActionName: UI/MiddleClick[/Mouse/middleButton]
  - m_PersistentCalls:
      m_Calls: []
    m_ActionId: 5dc8caf4-fa8e-4929-8226-8d75d6397813
    m_ActionName: UI/RightClick[/Mouse/rightButton]
  - m_PersistentCalls:
      m_Calls: []
    m_ActionId: 335116a1-8d72-4923-9517-06856c03cbbe
    m_ActionName: UI/TrackedDevicePosition
  - m_PersistentCalls:
      m_Calls: []
    m_ActionId: 9fd25edd-d39b-4939-ae79-1674d9157a03
    m_ActionName: UI/TrackedDeviceOrientation
  m_NeverAutoSwitchControlSchemes: 0
  m_DefaultControlScheme: Gamepad
  m_DefaultActionMap: Player
  m_SplitScreenIndex: -1
  m_Camera: {fileID: 0}
--- !u!1 &4585097023919394171
GameObject:
  m_ObjectHideFlags: 0
  m_CorrespondingSourceObject: {fileID: 0}
  m_PrefabInstance: {fileID: 0}
  m_PrefabAsset: {fileID: 0}
  serializedVersion: 6
  m_Component:
  - component: {fileID: 4585097023919394168}
  m_Layer: 0
  m_Name: ulls_au_r
  m_TagString: Untagged
  m_Icon: {fileID: 0}
  m_NavMeshLayer: 0
  m_StaticEditorFlags: 0
  m_IsActive: 1
--- !u!4 &4585097023919394168
Transform:
  m_ObjectHideFlags: 0
  m_CorrespondingSourceObject: {fileID: 0}
  m_PrefabInstance: {fileID: 0}
  m_PrefabAsset: {fileID: 0}
  m_GameObject: {fileID: 4585097023919394171}
  m_LocalRotation: {x: 0, y: 0, z: -0.11835484, w: 0.99297136}
  m_LocalPosition: {x: 0.005928058, y: 0.05393545, z: -10}
  m_LocalScale: {x: 1, y: 1, z: 1}
  m_ConstrainProportionsScale: 0
  m_Children: []
  m_Father: {fileID: 4585097024251236499}
  m_RootOrder: 5
  m_LocalEulerAnglesHint: {x: 0, y: 0, z: 0}
--- !u!1 &4585097024167572203
GameObject:
  m_ObjectHideFlags: 0
  m_CorrespondingSourceObject: {fileID: 0}
  m_PrefabInstance: {fileID: 0}
  m_PrefabAsset: {fileID: 0}
  serializedVersion: 6
  m_Component:
  - component: {fileID: 4585097024167572200}
  m_Layer: 0
  m_Name: bone_6
  m_TagString: Untagged
  m_Icon: {fileID: 0}
  m_NavMeshLayer: 0
  m_StaticEditorFlags: 0
  m_IsActive: 1
--- !u!4 &4585097024167572200
Transform:
  m_ObjectHideFlags: 0
  m_CorrespondingSourceObject: {fileID: 0}
  m_PrefabInstance: {fileID: 0}
  m_PrefabAsset: {fileID: 0}
  m_GameObject: {fileID: 4585097024167572203}
  m_LocalRotation: {x: 0, y: 0, z: 0.032121897, w: 0.999484}
  m_LocalPosition: {x: -0.2575809, y: -0.2369181, z: 0}
  m_LocalScale: {x: 1, y: 1, z: 1}
  m_ConstrainProportionsScale: 0
  m_Children: []
  m_Father: {fileID: 4585097024251236499}
  m_RootOrder: 3
  m_LocalEulerAnglesHint: {x: 0, y: 0, z: 0}
--- !u!1 &4585097024251236498
GameObject:
  m_ObjectHideFlags: 0
  m_CorrespondingSourceObject: {fileID: 0}
  m_PrefabInstance: {fileID: 0}
  m_PrefabAsset: {fileID: 0}
  serializedVersion: 6
  m_Component:
  - component: {fileID: 4585097024251236499}
  m_Layer: 0
  m_Name: bone_2
  m_TagString: Untagged
  m_Icon: {fileID: 0}
  m_NavMeshLayer: 0
  m_StaticEditorFlags: 0
  m_IsActive: 1
--- !u!4 &4585097024251236499
Transform:
  m_ObjectHideFlags: 0
  m_CorrespondingSourceObject: {fileID: 0}
  m_PrefabInstance: {fileID: 0}
  m_PrefabAsset: {fileID: 0}
  m_GameObject: {fileID: 4585097024251236498}
  m_LocalRotation: {x: 0, y: 0, z: 0.00034522763, w: 0.99999994}
  m_LocalPosition: {x: 0.41456333, y: -0.000000037764202, z: 0}
  m_LocalScale: {x: 1, y: 1, z: 1}
  m_ConstrainProportionsScale: 0
  m_Children:
  - {fileID: 4585097022966829603}
  - {fileID: 4585097023300413278}
  - {fileID: 4585097022743899134}
  - {fileID: 4585097024167572200}
  - {fileID: 4585097023124049368}
  - {fileID: 4585097023919394168}
  - {fileID: 4585097024280491959}
  - {fileID: 4585097024714574831}
  - {fileID: 4585097024453480505}
  - {fileID: 4585097023107209684}
  m_Father: {fileID: 4585097023345931912}
  m_RootOrder: 0
  m_LocalEulerAnglesHint: {x: 0, y: 0, z: -3.9702454}
--- !u!1 &4585097024280491958
GameObject:
  m_ObjectHideFlags: 0
  m_CorrespondingSourceObject: {fileID: 0}
  m_PrefabInstance: {fileID: 0}
  m_PrefabAsset: {fileID: 0}
  serializedVersion: 6
  m_Component:
  - component: {fileID: 4585097024280491959}
  m_Layer: 0
  m_Name: ulls_au_l
  m_TagString: Untagged
  m_Icon: {fileID: 0}
  m_NavMeshLayer: 0
  m_StaticEditorFlags: 0
  m_IsActive: 1
--- !u!4 &4585097024280491959
Transform:
  m_ObjectHideFlags: 0
  m_CorrespondingSourceObject: {fileID: 0}
  m_PrefabInstance: {fileID: 0}
  m_PrefabAsset: {fileID: 0}
  m_GameObject: {fileID: 4585097024280491958}
  m_LocalRotation: {x: 0, y: 0, z: 0.076004826, w: 0.99710745}
  m_LocalPosition: {x: 0.01365873, y: -0.4164083, z: -10}
  m_LocalScale: {x: 1, y: 1, z: 1}
  m_ConstrainProportionsScale: 0
  m_Children: []
  m_Father: {fileID: 4585097024251236499}
  m_RootOrder: 6
  m_LocalEulerAnglesHint: {x: 0, y: 0, z: 0}
--- !u!1 &4585097024352321432
GameObject:
  m_ObjectHideFlags: 0
  m_CorrespondingSourceObject: {fileID: 0}
  m_PrefabInstance: {fileID: 0}
  m_PrefabAsset: {fileID: 0}
  serializedVersion: 6
  m_Component:
  - component: {fileID: 4585097024352321433}
  m_Layer: 0
  m_Name: bone_13
  m_TagString: Untagged
  m_Icon: {fileID: 0}
  m_NavMeshLayer: 0
  m_StaticEditorFlags: 0
  m_IsActive: 1
--- !u!4 &4585097024352321433
Transform:
  m_ObjectHideFlags: 0
  m_CorrespondingSourceObject: {fileID: 0}
  m_PrefabInstance: {fileID: 0}
  m_PrefabAsset: {fileID: 0}
  m_GameObject: {fileID: 4585097024352321432}
  m_LocalRotation: {x: -0, y: -0, z: -0.14912787, w: 0.988818}
  m_LocalPosition: {x: -0.09928462, y: 0.0878417, z: 0}
  m_LocalScale: {x: 1, y: 1, z: 1}
  m_ConstrainProportionsScale: 0
  m_Children: []
  m_Father: {fileID: 4585097022966829603}
  m_RootOrder: 0
  m_LocalEulerAnglesHint: {x: 0, y: 0, z: -17.153}
--- !u!1 &4585097024453480504
GameObject:
  m_ObjectHideFlags: 0
  m_CorrespondingSourceObject: {fileID: 0}
  m_PrefabInstance: {fileID: 0}
  m_PrefabAsset: {fileID: 0}
  serializedVersion: 6
  m_Component:
  - component: {fileID: 4585097024453480505}
  m_Layer: 0
  m_Name: bone_11
  m_TagString: Untagged
  m_Icon: {fileID: 0}
  m_NavMeshLayer: 0
  m_StaticEditorFlags: 0
  m_IsActive: 1
--- !u!4 &4585097024453480505
Transform:
  m_ObjectHideFlags: 0
  m_CorrespondingSourceObject: {fileID: 0}
  m_PrefabInstance: {fileID: 0}
  m_PrefabAsset: {fileID: 0}
  m_GameObject: {fileID: 4585097024453480504}
  m_LocalRotation: {x: 0, y: 0, z: 0.5656932, w: 0.8246158}
  m_LocalPosition: {x: 0.2996558, y: -0.4988846, z: 0}
  m_LocalScale: {x: 1, y: 1, z: 1}
  m_ConstrainProportionsScale: 0
  m_Children: []
  m_Father: {fileID: 4585097024251236499}
  m_RootOrder: 8
  m_LocalEulerAnglesHint: {x: 0, y: 0, z: 0}
--- !u!1 &4585097024714574830
GameObject:
  m_ObjectHideFlags: 0
  m_CorrespondingSourceObject: {fileID: 0}
  m_PrefabInstance: {fileID: 0}
  m_PrefabAsset: {fileID: 0}
  serializedVersion: 6
  m_Component:
  - component: {fileID: 4585097024714574831}
  m_Layer: 0
  m_Name: bone_10
  m_TagString: Untagged
  m_Icon: {fileID: 0}
  m_NavMeshLayer: 0
  m_StaticEditorFlags: 0
  m_IsActive: 1
--- !u!4 &4585097024714574831
Transform:
  m_ObjectHideFlags: 0
  m_CorrespondingSourceObject: {fileID: 0}
  m_PrefabInstance: {fileID: 0}
  m_PrefabAsset: {fileID: 0}
  m_GameObject: {fileID: 4585097024714574830}
  m_LocalRotation: {x: 0, y: 0, z: -0.59551084, w: 0.8033473}
  m_LocalPosition: {x: 0.27067325, y: 0.1921699, z: 0}
  m_LocalScale: {x: 1, y: 1, z: 1}
  m_ConstrainProportionsScale: 0
  m_Children: []
  m_Father: {fileID: 4585097024251236499}
  m_RootOrder: 7
  m_LocalEulerAnglesHint: {x: 0, y: 0, z: 0}
