%YAML 1.1
%TAG !u! tag:unity3d.com,2011:
--- !u!1 &5615130371091593390
GameObject:
  m_ObjectHideFlags: 0
  m_CorrespondingSourceObject: {fileID: 0}
  m_PrefabInstance: {fileID: 0}
  m_PrefabAsset: {fileID: 0}
  serializedVersion: 6
  m_Component:
  - component: {fileID: 5615130371091593391}
  m_Layer: 0
  m_Name: bone_8
  m_TagString: Untagged
  m_Icon: {fileID: 0}
  m_NavMeshLayer: 0
  m_StaticEditorFlags: 0
  m_IsActive: 1
--- !u!4 &5615130371091593391
Transform:
  m_ObjectHideFlags: 0
  m_CorrespondingSourceObject: {fileID: 0}
  m_PrefabInstance: {fileID: 0}
  m_PrefabAsset: {fileID: 0}
  m_GameObject: {fileID: 5615130371091593390}
  m_LocalRotation: {x: -0, y: -0, z: -0.71659136, w: 0.6974933}
  m_LocalPosition: {x: -0.0078687845, y: -0.024096852, z: 0}
  m_LocalScale: {x: 1, y: 1, z: 1}
  m_ConstrainProportionsScale: 0
  m_Children:
  - {fileID: 5615130373079375905}
  m_Father: {fileID: 5615130372750601613}
  m_RootOrder: 1
  m_LocalEulerAnglesHint: {x: 0, y: 0, z: -91.548}
--- !u!1 &5615130371160320730
GameObject:
  m_ObjectHideFlags: 0
  m_CorrespondingSourceObject: {fileID: 0}
  m_PrefabInstance: {fileID: 0}
  m_PrefabAsset: {fileID: 0}
  serializedVersion: 6
  m_Component:
  - component: {fileID: 5615130371160320731}
  - component: {fileID: 5615130371160320728}
  m_Layer: 0
  m_Name: bone_11
  m_TagString: Guadana
  m_Icon: {fileID: 0}
  m_NavMeshLayer: 0
  m_StaticEditorFlags: 0
  m_IsActive: 1
--- !u!4 &5615130371160320731
Transform:
  m_ObjectHideFlags: 0
  m_CorrespondingSourceObject: {fileID: 0}
  m_PrefabInstance: {fileID: 0}
  m_PrefabAsset: {fileID: 0}
  m_GameObject: {fileID: 5615130371160320730}
  m_LocalRotation: {x: -0, y: -0, z: -0.8643306, w: 0.50292414}
  m_LocalPosition: {x: 0.1398049, y: -0.0000000024814555, z: 0}
  m_LocalScale: {x: 1, y: 1, z: 1}
  m_ConstrainProportionsScale: 1
  m_Children: []
  m_Father: {fileID: 5615130373079375905}
  m_RootOrder: 0
  m_LocalEulerAnglesHint: {x: 0, y: 0, z: -119.613}
--- !u!60 &5615130371160320728
PolygonCollider2D:
  m_ObjectHideFlags: 0
  m_CorrespondingSourceObject: {fileID: 0}
  m_PrefabInstance: {fileID: 0}
  m_PrefabAsset: {fileID: 0}
  m_GameObject: {fileID: 5615130371160320730}
  m_Enabled: 0
  m_Density: 1
  m_Material: {fileID: 0}
  m_IsTrigger: 1
  m_UsedByEffector: 0
  m_UsedByComposite: 0
  m_Offset: {x: 0, y: 0}
  m_SpriteTilingProperty:
    border: {x: 0, y: 0, z: 0, w: 0}
    pivot: {x: 0, y: 0}
    oldSize: {x: 0, y: 0}
    newSize: {x: 0, y: 0}
    adaptiveTilingThreshold: 0
    drawMode: 0
    adaptiveTiling: 0
  m_AutoTiling: 0
  m_Points:
    m_Paths:
    - - {x: 0.10634294, y: -0.010673568}
      - {x: 0.08684452, y: 0.011890588}
      - {x: 0.065226145, y: 0.021124765}
      - {x: 0.045063257, y: 0.021960739}
      - {x: 0.021256564, y: 0.013167292}
      - {x: -0.0015524523, y: -0.006247631}
      - {x: 0.0018159854, y: -0.016973857}
      - {x: 0.011442396, y: -0.02854597}
      - {x: 0.026354926, y: -0.017424658}
      - {x: 0.03648378, y: -0.0063939113}
      - {x: 0.049687076, y: 0.0007772213}
      - {x: 0.07187322, y: 0.00092352554}
      - {x: 0.09547112, y: -0.005062551}
      - {x: 0.107875764, y: -0.01374794}
--- !u!1 &5615130371518764150
GameObject:
  m_ObjectHideFlags: 0
  m_CorrespondingSourceObject: {fileID: 0}
  m_PrefabInstance: {fileID: 0}
  m_PrefabAsset: {fileID: 0}
  serializedVersion: 6
  m_Component:
  - component: {fileID: 5615130371518764151}
  - component: {fileID: 8027721635265856165}
  m_Layer: 0
  m_Name: PFGhost
  m_TagString: Untagged
  m_Icon: {fileID: 0}
  m_NavMeshLayer: 0
  m_StaticEditorFlags: 0
  m_IsActive: 1
--- !u!4 &5615130371518764151
Transform:
  m_ObjectHideFlags: 0
  m_CorrespondingSourceObject: {fileID: 0}
  m_PrefabInstance: {fileID: 0}
  m_PrefabAsset: {fileID: 0}
  m_GameObject: {fileID: 5615130371518764150}
  m_LocalRotation: {x: 0, y: 0, z: 0, w: 1}
  m_LocalPosition: {x: -5.608, y: -4.423, z: 0.13650578}
  m_LocalScale: {x: 1, y: 1, z: 1}
  m_ConstrainProportionsScale: 0
  m_Children:
  - {fileID: 5615130372756605380}
  m_Father: {fileID: 0}
  m_RootOrder: 0
  m_LocalEulerAnglesHint: {x: 0, y: 0, z: 0}
--- !u!50 &8027721635265856165
Rigidbody2D:
  serializedVersion: 4
  m_ObjectHideFlags: 0
  m_CorrespondingSourceObject: {fileID: 0}
  m_PrefabInstance: {fileID: 0}
  m_PrefabAsset: {fileID: 0}
  m_GameObject: {fileID: 5615130371518764150}
  m_BodyType: 1
  m_Simulated: 1
  m_UseFullKinematicContacts: 0
  m_UseAutoMass: 0
  m_Mass: 5
  m_LinearDrag: 0
  m_AngularDrag: 0.05
  m_GravityScale: 1
  m_Material: {fileID: 0}
  m_Interpolate: 0
  m_SleepingMode: 1
  m_CollisionDetection: 0
  m_Constraints: 4
--- !u!1 &5615130371711465680
GameObject:
  m_ObjectHideFlags: 0
  m_CorrespondingSourceObject: {fileID: 0}
  m_PrefabInstance: {fileID: 0}
  m_PrefabAsset: {fileID: 0}
  serializedVersion: 6
  m_Component:
  - component: {fileID: 5615130371711465681}
  - component: {fileID: 5615130371711465686}
  m_Layer: 0
  m_Name: bone_4
  m_TagString: Ojos
  m_Icon: {fileID: 0}
  m_NavMeshLayer: 0
  m_StaticEditorFlags: 0
  m_IsActive: 1
--- !u!4 &5615130371711465681
Transform:
  m_ObjectHideFlags: 0
  m_CorrespondingSourceObject: {fileID: 0}
  m_PrefabInstance: {fileID: 0}
  m_PrefabAsset: {fileID: 0}
  m_GameObject: {fileID: 5615130371711465680}
  m_LocalRotation: {x: 0, y: -0, z: 0.99724287, w: 0.07420705}
  m_LocalPosition: {x: 0.024953896, y: -0.025114581, z: 0}
  m_LocalScale: {x: 1, y: 1, z: 1}
  m_ConstrainProportionsScale: 1
  m_Children: []
  m_Father: {fileID: 5615130372436071170}
  m_RootOrder: 0
  m_LocalEulerAnglesHint: {x: 0, y: 0, z: 0}
--- !u!60 &5615130371711465686
PolygonCollider2D:
  m_ObjectHideFlags: 0
  m_CorrespondingSourceObject: {fileID: 0}
  m_PrefabInstance: {fileID: 0}
  m_PrefabAsset: {fileID: 0}
  m_GameObject: {fileID: 5615130371711465680}
  m_Enabled: 0
  m_Density: 1
  m_Material: {fileID: 0}
  m_IsTrigger: 1
  m_UsedByEffector: 0
  m_UsedByComposite: 0
  m_Offset: {x: 0, y: 0}
  m_SpriteTilingProperty:
    border: {x: 0, y: 0, z: 0, w: 0}
    pivot: {x: 0, y: 0}
    oldSize: {x: 0, y: 0}
    newSize: {x: 0, y: 0}
    adaptiveTilingThreshold: 0
    drawMode: 0
    adaptiveTiling: 0
  m_AutoTiling: 0
  m_Points:
    m_Paths:
    - - {x: 0.00028311042, y: 0.006343022}
      - {x: -0.0046200454, y: -0.0016342476}
      - {x: 0.000040944666, y: -0.007449895}
      - {x: 0.007787883, y: -0.009020741}
      - {x: 0.01701004, y: -0.008221542}
      - {x: 0.022636754, y: -0.0039677955}
      - {x: 0.024635745, y: 0.0014060922}
      - {x: 0.019075645, y: 0.007938597}
      - {x: 0.007954828, y: 0.009787524}
--- !u!1 &5615130371814168123
GameObject:
  m_ObjectHideFlags: 0
  m_CorrespondingSourceObject: {fileID: 0}
  m_PrefabInstance: {fileID: 0}
  m_PrefabAsset: {fileID: 0}
  serializedVersion: 6
  m_Component:
  - component: {fileID: 5615130371814168120}
  - component: {fileID: 5615130371814168121}
  m_Layer: 0
  m_Name: bone_5
  m_TagString: Ojos
  m_Icon: {fileID: 0}
  m_NavMeshLayer: 0
  m_StaticEditorFlags: 0
  m_IsActive: 1
--- !u!4 &5615130371814168120
Transform:
  m_ObjectHideFlags: 0
  m_CorrespondingSourceObject: {fileID: 0}
  m_PrefabInstance: {fileID: 0}
  m_PrefabAsset: {fileID: 0}
  m_GameObject: {fileID: 5615130371814168123}
  m_LocalRotation: {x: 0, y: -0, z: 0.9955941, w: 0.09376817}
  m_LocalPosition: {x: 0.030438494, y: 0.012119055, z: 0}
  m_LocalScale: {x: 1, y: 1, z: 1}
  m_ConstrainProportionsScale: 1
  m_Children: []
  m_Father: {fileID: 5615130372436071170}
  m_RootOrder: 1
  m_LocalEulerAnglesHint: {x: 0, y: 0, z: 0}
--- !u!60 &5615130371814168121
PolygonCollider2D:
  m_ObjectHideFlags: 0
  m_CorrespondingSourceObject: {fileID: 0}
  m_PrefabInstance: {fileID: 0}
  m_PrefabAsset: {fileID: 0}
  m_GameObject: {fileID: 5615130371814168123}
  m_Enabled: 0
  m_Density: 1
  m_Material: {fileID: 0}
  m_IsTrigger: 1
  m_UsedByEffector: 0
  m_UsedByComposite: 0
  m_Offset: {x: 0, y: 0}
  m_SpriteTilingProperty:
    border: {x: 0, y: 0, z: 0, w: 0}
    pivot: {x: 0, y: 0}
    oldSize: {x: 0, y: 0}
    newSize: {x: 0, y: 0}
    adaptiveTilingThreshold: 0
    drawMode: 0
    adaptiveTiling: 0
  m_AutoTiling: 0
  m_Points:
    m_Paths:
    - - {x: 0.021431036, y: 0.008709908}
      - {x: 0.015315158, y: 0.012135923}
      - {x: 0.00085112825, y: 0.010523763}
      - {x: -0.0034834421, y: 0.006101316}
      - {x: -0.0053239763, y: 0.00007028505}
      - {x: -0.0021645688, y: -0.008209318}
      - {x: 0.006522868, y: -0.013218947}
      - {x: 0.016573962, y: -0.011773352}
      - {x: 0.023296516, y: -0.004912823}
      - {x: 0.024774114, y: 0.00235377}
--- !u!1 &5615130372436071421
GameObject:
  m_ObjectHideFlags: 0
  m_CorrespondingSourceObject: {fileID: 0}
  m_PrefabInstance: {fileID: 0}
  m_PrefabAsset: {fileID: 0}
  serializedVersion: 6
  m_Component:
  - component: {fileID: 5615130372436071170}
  m_Layer: 0
  m_Name: bone_3
  m_TagString: Untagged
  m_Icon: {fileID: 0}
  m_NavMeshLayer: 0
  m_StaticEditorFlags: 0
  m_IsActive: 1
--- !u!4 &5615130372436071170
Transform:
  m_ObjectHideFlags: 0
  m_CorrespondingSourceObject: {fileID: 0}
  m_PrefabInstance: {fileID: 0}
  m_PrefabAsset: {fileID: 0}
  m_GameObject: {fileID: 5615130372436071421}
  m_LocalRotation: {x: 0, y: 0, z: 0.29314354, w: 0.9560685}
  m_LocalPosition: {x: 0.035701968, y: 0.0000000020618192, z: 0}
  m_LocalScale: {x: 1, y: 1, z: 1}
  m_ConstrainProportionsScale: 0
  m_Children:
  - {fileID: 5615130371711465681}
  - {fileID: 5615130371814168120}
  - {fileID: 5615130372941649931}
  m_Father: {fileID: 5615130372750601613}
  m_RootOrder: 0
  m_LocalEulerAnglesHint: {x: 0, y: 0, z: 0}
--- !u!1 &5615130372735945857
GameObject:
  m_ObjectHideFlags: 0
  m_CorrespondingSourceObject: {fileID: 0}
  m_PrefabInstance: {fileID: 0}
  m_PrefabAsset: {fileID: 0}
  serializedVersion: 6
  m_Component:
  - component: {fileID: 5615130372735945862}
  - component: {fileID: 5615130372735945863}
  m_Layer: 0
  m_Name: bone_9
  m_TagString: Puno
  m_Icon: {fileID: 0}
  m_NavMeshLayer: 0
  m_StaticEditorFlags: 0
  m_IsActive: 1
--- !u!4 &5615130372735945862
Transform:
  m_ObjectHideFlags: 0
  m_CorrespondingSourceObject: {fileID: 0}
  m_PrefabInstance: {fileID: 0}
  m_PrefabAsset: {fileID: 0}
  m_GameObject: {fileID: 5615130372735945857}
  m_LocalRotation: {x: -0, y: -0, z: -0.7692203, w: 0.6389836}
  m_LocalPosition: {x: 0.03318301, y: -0.070554614, z: 0}
  m_LocalScale: {x: 1, y: 1, z: 1}
  m_ConstrainProportionsScale: 1
  m_Children: []
  m_Father: {fileID: 5615130372750601613}
  m_RootOrder: 2
  m_LocalEulerAnglesHint: {x: 0, y: 0, z: -100.568}
--- !u!60 &5615130372735945863
PolygonCollider2D:
  m_ObjectHideFlags: 0
  m_CorrespondingSourceObject: {fileID: 0}
  m_PrefabInstance: {fileID: 0}
  m_PrefabAsset: {fileID: 0}
  m_GameObject: {fileID: 5615130372735945857}
  m_Enabled: 0
  m_Density: 1
  m_Material: {fileID: 0}
  m_IsTrigger: 1
  m_UsedByEffector: 0
  m_UsedByComposite: 0
  m_Offset: {x: 0, y: 0}
  m_SpriteTilingProperty:
    border: {x: 0, y: 0, z: 0, w: 0}
    pivot: {x: 0, y: 0}
    oldSize: {x: 0, y: 0}
    newSize: {x: 0, y: 0}
    adaptiveTilingThreshold: 0
    drawMode: 0
    adaptiveTiling: 0
  m_AutoTiling: 0
  m_Points:
    m_Paths:
    - - {x: 0.020134812, y: 0.012212241}
      - {x: 0.016766, y: 0.017404407}
      - {x: 0.010962171, y: 0.019943018}
      - {x: 0.007985126, y: 0.013804374}
      - {x: -0.0009743199, y: 0.008253489}
      - {x: -0.004770573, y: 0.00057239615}
      - {x: -0.0015280014, y: -0.008072488}
      - {x: 0.009870055, y: -0.01569509}
      - {x: 0.019849611, y: -0.01571412}
      - {x: 0.027170997, y: -0.003731172}
      - {x: 0.02994071, y: 0.008390669}
--- !u!1 &5615130372750601612
GameObject:
  m_ObjectHideFlags: 0
  m_CorrespondingSourceObject: {fileID: 0}
  m_PrefabInstance: {fileID: 0}
  m_PrefabAsset: {fileID: 0}
  serializedVersion: 6
  m_Component:
  - component: {fileID: 5615130372750601613}
  m_Layer: 0
  m_Name: bone_2
  m_TagString: Untagged
  m_Icon: {fileID: 0}
  m_NavMeshLayer: 0
  m_StaticEditorFlags: 0
  m_IsActive: 1
--- !u!4 &5615130372750601613
Transform:
  m_ObjectHideFlags: 0
  m_CorrespondingSourceObject: {fileID: 0}
  m_PrefabInstance: {fileID: 0}
  m_PrefabAsset: {fileID: 0}
  m_GameObject: {fileID: 5615130372750601612}
  m_LocalRotation: {x: 0, y: 0, z: 0.20467493, w: 0.97883004}
  m_LocalPosition: {x: 0.070513494, y: -0.000000010114235, z: 0}
  m_LocalScale: {x: 1, y: 1, z: 1}
  m_ConstrainProportionsScale: 0
  m_Children:
  - {fileID: 5615130372436071170}
  - {fileID: 5615130371091593391}
  - {fileID: 5615130372735945862}
  m_Father: {fileID: 5615130373048970803}
  m_RootOrder: 0
  m_LocalEulerAnglesHint: {x: 0, y: 0, z: 0}
--- !u!1 &5615130372756605377
GameObject:
  m_ObjectHideFlags: 0
  m_CorrespondingSourceObject: {fileID: 0}
  m_PrefabInstance: {fileID: 0}
  m_PrefabAsset: {fileID: 0}
  serializedVersion: 6
  m_Component:
  - component: {fileID: 5615130372756605380}
  - component: {fileID: 5615130372756605383}
  - component: {fileID: 5615130372756605382}
  - component: {fileID: 5615130372756605381}
  - component: {fileID: 5615130372756605385}
  - component: {fileID: 5615130372756605390}
  - component: {fileID: 591524565161977}
  - component: {fileID: 3855899435707373437}
  m_Layer: 0
  m_Name: GhostCharacter
  m_TagString: Player
  m_Icon: {fileID: 0}
  m_NavMeshLayer: 0
  m_StaticEditorFlags: 0
  m_IsActive: 1
--- !u!4 &5615130372756605380
Transform:
  m_ObjectHideFlags: 0
  m_CorrespondingSourceObject: {fileID: 0}
  m_PrefabInstance: {fileID: 0}
  m_PrefabAsset: {fileID: 0}
  m_GameObject: {fileID: 5615130372756605377}
  m_LocalRotation: {x: -0, y: -0, z: -0, w: 1}
  m_LocalPosition: {x: 0.5580001, y: -0.21700001, z: -0.13650578}
  m_LocalScale: {x: 9, y: 9, z: 9}
  m_ConstrainProportionsScale: 1
  m_Children:
  - {fileID: 5615130373048970803}
  m_Father: {fileID: 5615130371518764151}
  m_RootOrder: 0
  m_LocalEulerAnglesHint: {x: 0, y: 0, z: 0}
--- !u!212 &5615130372756605383
SpriteRenderer:
  m_ObjectHideFlags: 0
  m_CorrespondingSourceObject: {fileID: 0}
  m_PrefabInstance: {fileID: 0}
  m_PrefabAsset: {fileID: 0}
  m_GameObject: {fileID: 5615130372756605377}
  m_Enabled: 1
  m_CastShadows: 0
  m_ReceiveShadows: 0
  m_DynamicOccludee: 1
  m_StaticShadowCaster: 0
  m_MotionVectors: 1
  m_LightProbeUsage: 1
  m_ReflectionProbeUsage: 1
  m_RayTracingMode: 0
  m_RayTraceProcedural: 0
  m_RenderingLayerMask: 1
  m_RendererPriority: 0
  m_Materials:
  - {fileID: 2100000, guid: a97c105638bdf8b4a8650670310a4cd3, type: 2}
  m_StaticBatchInfo:
    firstSubMesh: 0
    subMeshCount: 0
  m_StaticBatchRoot: {fileID: 0}
  m_ProbeAnchor: {fileID: 0}
  m_LightProbeVolumeOverride: {fileID: 0}
  m_ScaleInLightmap: 1
  m_ReceiveGI: 1
  m_PreserveUVs: 0
  m_IgnoreNormalsForChartDetection: 0
  m_ImportantGI: 0
  m_StitchLightmapSeams: 1
  m_SelectedEditorRenderState: 0
  m_MinimumChartSize: 4
  m_AutoUVMaxDistance: 0.5
  m_AutoUVMaxAngle: 89
  m_LightmapParameters: {fileID: 0}
  m_SortingLayerID: 0
  m_SortingLayer: 0
  m_SortingOrder: 0
  m_Sprite: {fileID: 21300000, guid: 657d65f4335449047bdbb06a46c417db, type: 3}
  m_Color: {r: 1, g: 1, b: 1, a: 1}
  m_FlipX: 0
  m_FlipY: 0
  m_DrawMode: 0
  m_Size: {x: 0.33007812, y: 0.24511719}
  m_AdaptiveModeThreshold: 0.5
  m_SpriteTileMode: 0
  m_WasSpriteAssigned: 1
  m_MaskInteraction: 0
  m_SpriteSortPoint: 0
--- !u!114 &5615130372756605382
MonoBehaviour:
  m_ObjectHideFlags: 0
  m_CorrespondingSourceObject: {fileID: 0}
  m_PrefabInstance: {fileID: 0}
  m_PrefabAsset: {fileID: 0}
  m_GameObject: {fileID: 5615130372756605377}
  m_Enabled: 1
  m_EditorHideFlags: 0
  m_Script: {fileID: 11500000, guid: 57c008f954fe54a8bb972de1018a2cb8, type: 3}
  m_Name: 
  m_EditorClassIdentifier: 
  m_RootBone: {fileID: 5615130373048970803}
  m_BoneTransforms:
  - {fileID: 5615130373048970803}
  - {fileID: 5615130372750601613}
  - {fileID: 5615130372436071170}
  - {fileID: 5615130371711465681}
  - {fileID: 5615130371814168120}
  - {fileID: 5615130372941649931}
  - {fileID: 5615130372968451494}
  - {fileID: 5615130371091593391}
  - {fileID: 5615130372735945862}
  - {fileID: 5615130373079375905}
  - {fileID: 5615130371160320731}
  m_Bounds:
    m_Center: {x: -0.041359365, y: 0.025058758, z: 0}
    m_Extent: {x: 0.12660822, y: 0.0833091, z: 0}
  m_UseBatching: 1
  m_AlwaysUpdate: 1
  m_AutoRebind: 0
--- !u!95 &5615130372756605381
Animator:
  serializedVersion: 4
  m_ObjectHideFlags: 0
  m_CorrespondingSourceObject: {fileID: 0}
  m_PrefabInstance: {fileID: 0}
  m_PrefabAsset: {fileID: 0}
  m_GameObject: {fileID: 5615130372756605377}
  m_Enabled: 1
  m_Avatar: {fileID: 0}
  m_Controller: {fileID: 9100000, guid: 4c216a6a7cf70c342b4b3b9af3a7211f, type: 2}
  m_CullingMode: 0
  m_UpdateMode: 0
  m_ApplyRootMotion: 0
  m_LinearVelocityBlending: 0
  m_StabilizeFeet: 0
  m_WarningMessage: 
  m_HasTransformHierarchy: 1
  m_AllowConstantClipSamplingOptimization: 1
  m_KeepAnimatorControllerStateOnDisable: 0
--- !u!114 &5615130372756605385
MonoBehaviour:
  m_ObjectHideFlags: 0
  m_CorrespondingSourceObject: {fileID: 0}
  m_PrefabInstance: {fileID: 0}
  m_PrefabAsset: {fileID: 0}
  m_GameObject: {fileID: 5615130372756605377}
  m_Enabled: 1
  m_EditorHideFlags: 0
  m_Script: {fileID: 11500000, guid: 92ba3571033ede84ca066c2266254579, type: 3}
  m_Name: 
  m_EditorClassIdentifier: 
  ataque: 0
  defensa: 0
  vida: 0
  isPLayerOne: 0
  prefabProyectil: {fileID: 8382062564439423682, guid: bdd048565c32a854a81c8eb1920d6af5, type: 3}
  animatior: {fileID: 5615130372756605381}
  SOMenu: {fileID: 11400000, guid: 10292a66175bd6c4d873d9f02f033c04, type: 2}
  GEO: {fileID: 11400000, guid: 136c0199151b059498711371d277428e, type: 2}
--- !u!114 &5615130372756605390
MonoBehaviour:
  m_ObjectHideFlags: 0
  m_CorrespondingSourceObject: {fileID: 0}
  m_PrefabInstance: {fileID: 0}
  m_PrefabAsset: {fileID: 0}
  m_GameObject: {fileID: 5615130372756605377}
  m_Enabled: 1
  m_EditorHideFlags: 0
  m_Script: {fileID: 11500000, guid: 62899f850307741f2a39c98a8b639597, type: 3}
  m_Name: 
  m_EditorClassIdentifier: 
  m_Actions: {fileID: -944628639613478452, guid: b4119fbc5b1562c4bb868fb59857860d, type: 3}
  m_NotificationBehavior: 2
  m_UIInputModule: {fileID: 0}
  m_DeviceLostEvent:
    m_PersistentCalls:
      m_Calls: []
  m_DeviceRegainedEvent:
    m_PersistentCalls:
      m_Calls: []
  m_ControlsChangedEvent:
    m_PersistentCalls:
      m_Calls: []
  m_ActionEvents:
  - m_PersistentCalls:
      m_Calls:
      - m_Target: {fileID: 5615130372756605385}
        m_TargetAssemblyTypeName: SM, Assembly-CSharp
        m_MethodName: Protegerse
        m_Mode: 0
        m_Arguments:
          m_ObjectArgument: {fileID: 0}
          m_ObjectArgumentAssemblyTypeName: UnityEngine.Object, UnityEngine
          m_IntArgument: 0
          m_FloatArgument: 0
          m_StringArgument: 
          m_BoolArgument: 0
        m_CallState: 2
    m_ActionId: 5613f880-fb5a-495f-9a49-9b7e0191eec1
    m_ActionName: Default/Protegerse[/XInputControllerWindows/rightTrigger]
  - m_PersistentCalls:
      m_Calls:
      - m_Target: {fileID: 5615130372756605385}
        m_TargetAssemblyTypeName: SM, Assembly-CSharp
        m_MethodName: Jump
        m_Mode: 0
        m_Arguments:
          m_ObjectArgument: {fileID: 0}
          m_ObjectArgumentAssemblyTypeName: UnityEngine.Object, UnityEngine
          m_IntArgument: 0
          m_FloatArgument: 0
          m_StringArgument: 
          m_BoolArgument: 0
        m_CallState: 2
    m_ActionId: e0a00970-0b66-4f16-be50-b07f454b5ecc
    m_ActionName: Default/Jump[/XInputControllerWindows/leftStick/up,/XInputControllerWindows/dpad/up]
  - m_PersistentCalls:
      m_Calls:
      - m_Target: {fileID: 5615130372756605385}
        m_TargetAssemblyTypeName: SM, Assembly-CSharp
        m_MethodName: AtaqueNormal
        m_Mode: 0
        m_Arguments:
          m_ObjectArgument: {fileID: 0}
          m_ObjectArgumentAssemblyTypeName: UnityEngine.Object, UnityEngine
          m_IntArgument: 0
          m_FloatArgument: 0
          m_StringArgument: 
          m_BoolArgument: 0
        m_CallState: 2
    m_ActionId: 7b9810c7-0c2c-4ab1-813a-03455f0a05b8
    m_ActionName: Default/GolpeNormal[/XInputControllerWindows/buttonSouth]
  - m_PersistentCalls:
      m_Calls:
      - m_Target: {fileID: 5615130372756605385}
        m_TargetAssemblyTypeName: SM, Assembly-CSharp
        m_MethodName: AtaqueEspecial
        m_Mode: 0
        m_Arguments:
          m_ObjectArgument: {fileID: 0}
          m_ObjectArgumentAssemblyTypeName: UnityEngine.Object, UnityEngine
          m_IntArgument: 0
          m_FloatArgument: 0
          m_StringArgument: 
          m_BoolArgument: 0
        m_CallState: 2
    m_ActionId: 2c58077c-e678-4713-b935-7350fd57b060
    m_ActionName: Default/GolpeEspecial[/XInputControllerWindows/buttonWest]
  - m_PersistentCalls:
      m_Calls:
      - m_Target: {fileID: 5615130372756605385}
        m_TargetAssemblyTypeName: SM, Assembly-CSharp
        m_MethodName: Izquierda
        m_Mode: 0
        m_Arguments:
          m_ObjectArgument: {fileID: 0}
          m_ObjectArgumentAssemblyTypeName: UnityEngine.Object, UnityEngine
          m_IntArgument: 0
          m_FloatArgument: 0
          m_StringArgument: 
          m_BoolArgument: 0
        m_CallState: 2
    m_ActionId: b3d52409-0800-4d94-8823-9c2e018dae95
    m_ActionName: Default/Izquierda[/XInputControllerWindows/leftStick/left,/XInputControllerWindows/dpad/left]
  - m_PersistentCalls:
      m_Calls:
      - m_Target: {fileID: 5615130372756605385}
        m_TargetAssemblyTypeName: SM, Assembly-CSharp
        m_MethodName: Derecha
        m_Mode: 0
        m_Arguments:
          m_ObjectArgument: {fileID: 0}
          m_ObjectArgumentAssemblyTypeName: UnityEngine.Object, UnityEngine
          m_IntArgument: 0
          m_FloatArgument: 0
          m_StringArgument: 
          m_BoolArgument: 0
        m_CallState: 2
    m_ActionId: 5225eca8-f272-42d6-af59-25c159072d63
    m_ActionName: Default/Derecha[/XInputControllerWindows/leftStick/right,/XInputControllerWindows/dpad/right]
  - m_PersistentCalls:
      m_Calls:
      - m_Target: {fileID: 5615130372756605385}
        m_TargetAssemblyTypeName: SM, Assembly-CSharp
        m_MethodName: Vacilada
        m_Mode: 0
        m_Arguments:
          m_ObjectArgument: {fileID: 0}
          m_ObjectArgumentAssemblyTypeName: UnityEngine.Object, UnityEngine
          m_IntArgument: 0
          m_FloatArgument: 0
          m_StringArgument: 
          m_BoolArgument: 0
        m_CallState: 2
    m_ActionId: 3838f4d2-eb23-4043-9ea2-3e8ecdaf6641
    m_ActionName: Default/Vacilada[/XInputControllerWindows/leftTrigger]
  - m_PersistentCalls:
      m_Calls: []
    m_ActionId: 2c31a8b9-0f36-44f3-9187-6c5c19edb46f
    m_ActionName: Aire/New action
  - m_PersistentCalls:
      m_Calls:
      - m_Target: {fileID: 5615130372756605385}
        m_TargetAssemblyTypeName: SM, Assembly-CSharp
        m_MethodName: AtaqueAbajo
        m_Mode: 0
        m_Arguments:
          m_ObjectArgument: {fileID: 0}
          m_ObjectArgumentAssemblyTypeName: UnityEngine.Object, UnityEngine
          m_IntArgument: 0
          m_FloatArgument: 0
          m_StringArgument: 
          m_BoolArgument: 0
        m_CallState: 2
    m_ActionId: 9ac1ddb4-b899-4ceb-ac3c-5382d79fa965
    m_ActionName: Default/ataqueAbajo[/XInputControllerWindows/dpad/down,/XInputControllerWindows/leftStick/down]
  m_NeverAutoSwitchControlSchemes: 0
  m_DefaultControlScheme: 
  m_DefaultActionMap: Default
  m_SplitScreenIndex: -1
  m_Camera: {fileID: 0}
--- !u!70 &591524565161977
CapsuleCollider2D:
  m_ObjectHideFlags: 0
  m_CorrespondingSourceObject: {fileID: 0}
  m_PrefabInstance: {fileID: 0}
  m_PrefabAsset: {fileID: 0}
  m_GameObject: {fileID: 5615130372756605377}
  m_Enabled: 1
  m_Density: 1
  m_Material: {fileID: 0}
  m_IsTrigger: 0
  m_UsedByEffector: 0
  m_UsedByComposite: 0
  m_Offset: {x: -0.07365879, y: 0.026922174}
  m_Size: {x: 0.106626935, y: 0.15134917}
  m_Direction: 0
--- !u!50 &3855899435707373437
Rigidbody2D:
  serializedVersion: 4
  m_ObjectHideFlags: 0
  m_CorrespondingSourceObject: {fileID: 0}
  m_PrefabInstance: {fileID: 0}
  m_PrefabAsset: {fileID: 0}
  m_GameObject: {fileID: 5615130372756605377}
  m_BodyType: 0
  m_Simulated: 1
  m_UseFullKinematicContacts: 0
  m_UseAutoMass: 0
  m_Mass: 5
  m_LinearDrag: 0
  m_AngularDrag: 0.05
  m_GravityScale: 1
  m_Material: {fileID: 0}
  m_Interpolate: 0
  m_SleepingMode: 1
  m_CollisionDetection: 0
  m_Constraints: 4
--- !u!1 &5615130372941649930
GameObject:
  m_ObjectHideFlags: 0
  m_CorrespondingSourceObject: {fileID: 0}
  m_PrefabInstance: {fileID: 0}
  m_PrefabAsset: {fileID: 0}
  serializedVersion: 6
  m_Component:
  - component: {fileID: 5615130372941649931}
  - component: {fileID: 5615130372941649928}
  m_Layer: 0
  m_Name: bone_6
  m_TagString: Boca
  m_Icon: {fileID: 0}
  m_NavMeshLayer: 0
  m_StaticEditorFlags: 0
  m_IsActive: 1
--- !u!4 &5615130372941649931
Transform:
  m_ObjectHideFlags: 0
  m_CorrespondingSourceObject: {fileID: 0}
  m_PrefabInstance: {fileID: 0}
  m_PrefabAsset: {fileID: 0}
  m_GameObject: {fileID: 5615130372941649930}
  m_LocalRotation: {x: 0, y: -0, z: -0.89842016, w: 0.439137}
  m_LocalPosition: {x: -0.006041877, y: 0.029894445, z: 0}
  m_LocalScale: {x: 1, y: 1, z: 1}
  m_ConstrainProportionsScale: 1
  m_Children:
  - {fileID: 5615130372968451494}
  m_Father: {fileID: 5615130372436071170}
  m_RootOrder: 2
  m_LocalEulerAnglesHint: {x: 0, y: 0, z: 0}
--- !u!60 &5615130372941649928
PolygonCollider2D:
  m_ObjectHideFlags: 0
  m_CorrespondingSourceObject: {fileID: 0}
  m_PrefabInstance: {fileID: 0}
  m_PrefabAsset: {fileID: 0}
  m_GameObject: {fileID: 5615130372941649930}
  m_Enabled: 0
  m_Density: 1
  m_Material: {fileID: 0}
  m_IsTrigger: 1
  m_UsedByEffector: 0
  m_UsedByComposite: 0
  m_Offset: {x: 0, y: 0}
  m_SpriteTilingProperty:
    border: {x: 0, y: 0, z: 0, w: 0}
    pivot: {x: 0, y: 0}
    oldSize: {x: 0, y: 0}
    newSize: {x: 0, y: 0}
    adaptiveTilingThreshold: 0
    drawMode: 0
    adaptiveTiling: 0
  m_AutoTiling: 0
  m_Points:
    m_Paths:
    - - {x: 0.05700353, y: 0.026934033}
      - {x: 0.05140749, y: 0.039239783}
      - {x: -0.007107515, y: 0.0024094405}
      - {x: 0.00048251008, y: -0.0055280025}
      - {x: 0.008278435, y: -0.008542615}
      - {x: 0.016571818, y: -0.010958864}
      - {x: 0.026184618, y: -0.009832141}
      - {x: 0.037051704, y: -0.0056949537}
      - {x: 0.043674592, y: -0.0024554308}
      - {x: 0.051649846, y: 0.004278463}
      - {x: 0.055958994, y: 0.014054952}
--- !u!1 &5615130372968451489
GameObject:
  m_ObjectHideFlags: 0
  m_CorrespondingSourceObject: {fileID: 0}
  m_PrefabInstance: {fileID: 0}
  m_PrefabAsset: {fileID: 0}
  serializedVersion: 6
  m_Component:
  - component: {fileID: 5615130372968451494}
  m_Layer: 0
  m_Name: bone_7
  m_TagString: Boca
  m_Icon: {fileID: 0}
  m_NavMeshLayer: 0
  m_StaticEditorFlags: 0
  m_IsActive: 1
--- !u!4 &5615130372968451494
Transform:
  m_ObjectHideFlags: 0
  m_CorrespondingSourceObject: {fileID: 0}
  m_PrefabInstance: {fileID: 0}
  m_PrefabAsset: {fileID: 0}
  m_GameObject: {fileID: 5615130372968451489}
  m_LocalRotation: {x: 0, y: 0, z: 0.57880354, w: 0.81546706}
  m_LocalPosition: {x: 0.0370926, y: -0.000000008255475, z: 0}
  m_LocalScale: {x: 1, y: 1, z: 1}
  m_ConstrainProportionsScale: 0
  m_Children: []
  m_Father: {fileID: 5615130372941649931}
  m_RootOrder: 0
  m_LocalEulerAnglesHint: {x: 0, y: 0, z: 0}
--- !u!1 &5615130373048970802
GameObject:
  m_ObjectHideFlags: 0
  m_CorrespondingSourceObject: {fileID: 0}
  m_PrefabInstance: {fileID: 0}
  m_PrefabAsset: {fileID: 0}
  serializedVersion: 6
  m_Component:
  - component: {fileID: 5615130373048970803}
  - component: {fileID: 5724547248505223053}
  m_Layer: 0
  m_Name: bone_1
  m_TagString: Untagged
  m_Icon: {fileID: 0}
  m_NavMeshLayer: 0
  m_StaticEditorFlags: 0
  m_IsActive: 1
--- !u!4 &5615130373048970803
Transform:
  m_ObjectHideFlags: 0
  m_CorrespondingSourceObject: {fileID: 0}
  m_PrefabInstance: {fileID: 0}
  m_PrefabAsset: {fileID: 0}
  m_GameObject: {fileID: 5615130373048970802}
  m_LocalRotation: {x: -0, y: -0, z: 0.32896507, w: 0.94434214}
  m_LocalPosition: {x: -0.13519426, y: -0.039025202, z: 0}
  m_LocalScale: {x: 1.0000001, y: 1.0000001, z: 1.0000001}
  m_ConstrainProportionsScale: 0
  m_Children:
  - {fileID: 5615130372750601613}
  m_Father: {fileID: 5615130372756605380}
  m_RootOrder: 0
  m_LocalEulerAnglesHint: {x: 0, y: 0, z: 0}
--- !u!70 &5724547248505223053
CapsuleCollider2D:
  m_ObjectHideFlags: 0
  m_CorrespondingSourceObject: {fileID: 0}
  m_PrefabInstance: {fileID: 0}
  m_PrefabAsset: {fileID: 0}
  m_GameObject: {fileID: 5615130373048970802}
  m_Enabled: 0
  m_Density: 1
  m_Material: {fileID: 0}
  m_IsTrigger: 0
  m_UsedByEffector: 0
  m_UsedByComposite: 0
  m_Offset: {x: 0.07054503, y: 0.014201261}
  m_Size: {x: 0.13888119, y: 0.146437}
  m_Direction: 0
--- !u!1 &5615130373079375904
GameObject:
  m_ObjectHideFlags: 0
  m_CorrespondingSourceObject: {fileID: 0}
  m_PrefabInstance: {fileID: 0}
  m_PrefabAsset: {fileID: 0}
  serializedVersion: 6
  m_Component:
  - component: {fileID: 5615130373079375905}
  m_Layer: 0
  m_Name: bone_10
  m_TagString: Untagged
  m_Icon: {fileID: 0}
  m_NavMeshLayer: 0
  m_StaticEditorFlags: 0
  m_IsActive: 1
--- !u!4 &5615130373079375905
Transform:
  m_ObjectHideFlags: 0
  m_CorrespondingSourceObject: {fileID: 0}
  m_PrefabInstance: {fileID: 0}
  m_PrefabAsset: {fileID: 0}
  m_GameObject: {fileID: 5615130373079375904}
  m_LocalRotation: {x: -0, y: -0, z: -0.59577894, w: -0.80314845}
  m_LocalPosition: {x: 0.016184408, y: -0.013297613, z: 0}
  m_LocalScale: {x: 1, y: 1, z: 1}
  m_ConstrainProportionsScale: 1
  m_Children:
  - {fileID: 5615130371160320731}
  m_Father: {fileID: 5615130371091593391}
  m_RootOrder: 0
  m_LocalEulerAnglesHint: {x: 0, y: 0, z: 73.136}
